@manual{MicrosoftVGB,
   author = "Microsoft Corporation",
   title = " Visual Gesture Builder: A Data-Driven Solution to Gesture Detection",
   year = 2014
}

@misc{XsensMvn,
   author = "XSENS MVN",
   title = " - Motion capture suit",
   url = "https://www.xsens.com/products/xsens-mvn/",
   note = "[Online; accessed 07-October-2017]"
}

@misc{OptiTrack,
   author = "OptiTrack",
   title = " - Optical motion capture system",
   url = "http://www.optitrack.com/",
   note = "[Online; accessed 07-October-2017]"
}

@misc{Wiki2017-atol,
   author = "Wikipedia",
   title = "Anatomical terms of location --- Wikipedia{,} The Free Encyclopedia",
   url = "https://en.wikipedia.org/w/index.php?title=Anatomical_terms_of_location&oldid=769358925",
   note = "[Online; accessed 05-October-2017]"
}
 
@misc{WikiSlacklining2017-lowline,
   author = "Wikipedia",
   title = "Slacklining - Picture --- Wikipedia{,} The Free Encyclopedia",
   url = "https://en.wikipedia.org/wiki/Slacklining#/media/File:Man_highlining_in_Yosemite_National_Park_with_El_Capitan_in_the_background.JPG",
   note = "[Online; accessed 12-March-2017]"
}

@misc{WikiSlacklining2017-trickline,
   author = "Wikipedia",
   title = "Slacklining - Picture --- Wikipedia{,} The Free Encyclopedia",
   url = "https://en.wikipedia.org/wiki/Slacklining#/media/File:Slackline_handstand.jpg",
   note = "[Online; accessed 12-March-2017]"
}

@misc{WikiSlacklining2017-rodeoline,
   author = "Wikipedia",
   title = "Slacklining - Picture --- Wikipedia{,} The Free Encyclopedia",
   url = "https://commons.wikimedia.org/wiki/File:Rodeo_slackline_graz.jpg",
   note = "[Online; accessed 12-March-2017]"
}

@misc{WikiSlacklining2017-longline,
   author = "Wikipedia",
   title = "https://commons.wikimedia.org/wiki/File:Slackline2.jpg",
   note = "[Online; accessed 12-March-2017]"
}

@misc{WikiSlacklining2017-waterline,
   author = "Wikipedia",
   title = "Slacklining - Picture --- Wikipedia{,} The Free Encyclopedia",
   url = "https://commons.wikimedia.org/wiki/File:Slackline_ueber_wasser.jpg",
   note = "[Online; accessed 12-March-2017]"
}

@misc{WikiSlacklining2017-urbanline,
   author = "Wikipedia",
   title = "Slacklining - Picture --- Wikipedia{,} The Free Encyclopedia",
   url = "https://commons.wikimedia.org/wiki/File:Velette3.jpg",
   note = "[Online; accessed 12-March-2017]"
}

@misc{MicrosoftHIG2014-mh,
	author = "Microsoft Corporation",
	title = "Kinect for Windows | Human Interace Guidelines v2.0",
	url = "https://developer.microsoft.com/en-us/windows/kinect/tools",	
	year = "2014",
	note = "[Online; accessed 13-March-2017]"
}

@misc{alpidex2017-ms,
	author = "alpidex",
	title = "Slackline Gestell in 2 Längen Power Wave 2.0 inklusive Slackline",
	url = "http://www.alpidex.com/fitness/slacklines/slackline-gestell-in-2-laengen-power-wave-2-0-inklusive-slackline/a-10288/",	
	year = "2014",
	note = "[Online; accessed 13-March-2017]"
}

@book{Kleindl2011-bl,
  title     = "Slackline: Die Kunst des modernen Seiltanzens",
  author    = "Kleindl, Reinhard",
  publisher = "Meyer \& Meyer",
  year      =  2011,
}

@book{Zak2011-sl,
  title     = "Slackline: das Praxisbuch",
  author    = "Zak, Heinz",
  publisher = "blv",
  year      =  2011,
  isbn= 9783835407985
}

@book{Balcom2005-wl,
  title= "Walk the Line: The Art of Balance and the Craft of Slackline",
  author= "Balcom, Sott",
  publisher= "Slack Daddy Press",
  year= 2005,
  isbn= 9780976485001
}

@book{MillerMauser2013-sl,
  title= " Slackline - Tipps Tricks Technik",
  author= "Miller, Fritz; Mauser, Daniel",
  publisher= "Panico Alpinverlag",
  year= 2012,
  isbn= 9783936740530
}

@book{Fetz1996-ml,
  title="Allgemeine Methodik der Leibes{\"u}bungen",
  author="Fetz, Friedrich",
  publisher="{\"O}BV P{\"a}dagogischer Verl.",
  year=1996,
  isbn="3-215-01509-9 and 978-3-215-01509-0"
}

@book{Groessing1997-sp,
  title="Einf{\"u}hrung in die Sportdidaktik",
  subtitle="Lehren und Lernen im Sportunterricht",
  author="Gr{\"o}ßing, Stefan",
  publisher="Limpert",
  year="1997",
  isbn="3-8252-8130-2 and 3-7853-1595-3 and 978-3-7853-1595-8 and 978-3-8252-8130-4"
}

@phdthesis{Thomann2017-ab,
title = "Die Entwicklung der Trendsportart Slackline im urbanen Raum",
author = "Andreas Thomann",
year = "2017",
publisher = "Deutsche Sporthochschule Köln",
}

@mastersthesis{Nusman2006-rf,
month = {June},
title = {Real-time full-body motion capture in virtual worlds},
author = {Daan {Nusman}},
year = {2006}
}

@mastersthesis{Kroiss2007-ab,
 title	=	"Der Trendsport Slackline und seine Anwendungsmöglichkeiten im Schulsport",
 author	=	"Kroiß, Andreas",
 school	=	"TU München",
 year	=	"2007"
}

@article{Thomann2013-aa,
  author          = {Thomann, Andreas},
  title           = {Slacklineunterricht im formellen Sport der Schulen und Vereine},
  journal = {Aktuelle Studien zu Entwicklung und Praxis der Trendsportart Slackline},
  note = {Deutsche Sporthochschule Köln, Institut für Natursport und Ökologie (INOEK)},
  volume = {28},
  pages = {91-100},
  year =  2012
}

@article{Hodges2002-gb,
	author = { Nicola J.   Hodges  and  Ian M.   Franks },
	title = {Modelling coaching practice: the role of instruction and demonstration},
	journal = {Journal of Sports Sciences},
	volume = {20},
	number = {10},
	pages = {793-811},
	year = {2002}
}

@article{Estepa2016-oj,
  author={A. Estepa and S. Sponton Piriz and E. Albornoz and C. Martínez},
  title={Development of a Kinect-based exergaming system for motor rehabilitation in neurological disorders},
  journal={Journal of Physics: Conference Series},
  volume={705},
  number={1},
  pages={012060},
  year={2016}
}

@article{Ryan2000-jn,
  title    = "Self-determination theory and the facilitation of intrinsic
              motivation, social development, and well-being",
  author   = "Ryan, R. and Deci, E.",
  journal  = "American Psychologist",
  volume   =  55,
  number   =  1,
  pages    = "68--78",
  year     =  2000,
  language = "en"
}

@article{Keller2012-xh,
author = {Keller, M. and Pfusterschmied, J. and Buchecker, M. and Müller, E. and Taube, W.},
title = {Improved postural control after slackline training is accompanied by reduced H-reflexes},
journal = {Scandinavian Journal of Medicine \& Science in Sports},
volume = {22},
number = {4},
publisher = {Blackwell Publishing Ltd},
pages = {471--477},
keywords = {balance, sensorimotor training, peripheral nerve stimulation},
year = {2012}
}

@article{Liebermann2002-zr,
author = { Dario G.   Liebermann  and  Larry   Katz  and  Mike D.   Hughes  and  Roger M.   Bartlett  and  Jim   McClements  and  Ian M.   Franks },
title = {Advances in the application of information technology to sport performance},
journal = {Journal of Sports Sciences},
volume = {20},
number = {10},
pages = {755-769},
year = {2002}
}

@article{Ustinova2014-ml,
author = {K. I. Ustinova and J. Perkins and W. A. Leonard and C. J. Hausbeck},
title = {Virtual reality game-based therapy for treatment of postural and co-ordination abnormalities secondary to TBI: A pilot study},
journal = {Brain Injury},
volume = {28},
number = {4},
pages = {486-495},
year = {2014},
}

@article{Donath2016-gm,
author = {Donath, L. and Roth, R. and Zahner, L. and Faude, O.},
title = {Slackline training and neuromuscular performance in seniors: A randomized controlled trial},
journal = {Scandinavian Journal of Medicine \& Science in Sports},
volume = {26},
number = {3},
pages = {275--283},
year = {2016},
}

@article{Tanaka2012-ACO,
  title={A comparison of exergaming interfaces for use in rehabilitation programs and research},
  author={Tanaka, Kazumoto and Parker, Jim and Baradoy, Graham and Sheehan, Dwayne and Holash, John R and Katz, Larry},
  journal={Loading},
  volume={6},
  number={9},
  pages={69--81},
  year={2012}
}

@article{Pfusterschmied2013-yy,
author = { Jürgen   Pfusterschmied  and  Michael   Buchecker  and  Martin   Keller  and  Herbert   Wagner  and  Wolfgang   Taube  and  Erich   Müller },
title = {Supervised slackline training improves postural stability},
journal = {European Journal of Sport Science},
volume = {13},
number = {1},
pages = {49-57},
year = {2013},
}

@article{Pompeu2014-yl,
author = "J.E. Pompeu and L.A. Arduini and A.R. Botelho and M.B.F. Fonseca and S.M.A.A. Pompeu and C. Torriani-Pasin and J.E. Deutsch",
title = "Feasibility, safety and outcomes of playing Kinect Adventures!™ for people with Parkinson's disease: a pilot study ",
journal = "Physiotherapy",
volume = "100",
number = "2",
pages = "162 - 168",
year = "2014",
}

@article{Pfusterschmied2013-kq,
author = "Jürgen Pfusterschmied and Thomas Stöggl and Michael Buchecker and Stefan Lindinger and Herbert Wagner and Erich Müller",
title = "Effects of 4-week slackline training on lower limb joint motion and muscle activation",
journal = "Journal of Science and Medicine in Sport ",
volume = "16",
number = "6",
pages = "562 - 566",
year = "2013",
}

@article{Lim2015-pw,
author={Lim, Dohyung and Kim, ChoongYeon and Jung, HoHyun and Jung, Dukyoung and Chun, Keyoung Jin},
title={Use of the Microsoft Kinect system to characterize balance ability during balance training},
journal={Clinical Interventions in Aging},
publisher={Dove Medical Press},
volume={10},
pages={1077-1083},
year={2015}
}

@article{Granacher2010-ow,
  author   = "Granacher, U. and Iten, N. and Roth, R. and Gollhofer, A.",
  title    = "Slackline training for balance and strength promotion",
  journal  = "International Journal of Sports Medicine",
  volume   =  31,
  pages    = "717--723",
  year     =  2010
}

@article{Paas2003-xt,
author = { Fred   Paas  and  Alexander   Renkl  and  John   Sweller },
title = {Cognitive Load Theory and Instructional Design: Recent Developments},
journal = {Educational Psychologist},
volume = {38},
pages = {1-4},
year = {2003},
}


@article{Winstein1990-to,
  author  = "Winstein, Carolee J. and Schmidt, Richard A.",
  title   = "Reduced frequency of knowledge of results enhances motor skill
             learning",
  journal = "Journal of Experimental Psychology: Learning, Memory, and Cognition",
  volume  =  16,
  number  =  4,
  pages   = "677--691",
  year    =  1990
}

@article{Donath2013-kk,
  title    = "Effects of Slackline Training on Balance, Jump Performance \& Muscle Activity in Young Children",
  author   = "Donath, L. and Roth, R. and Rueegge, A. and Groppa, M. and Zahner, L. and Faude, O.",
  journal  = "International Journal of Sports Medicine",
  volume   =  34,
  number   =  12,
  pages    = "1093--1098",
  year     =  2013
}

@article{Donath2016-rt,
author	=	"Donath, Lars and Roth, Ralf and Zahner, Lukas and Faude, Oliver",
title	=	"Slackline Training (Balancing Over Narrow Nylon Ribbons) and Balance Performance: A Meta-Analytical Review",
journal	=	"Sports Medicine",
year	=	"2016",
pages	=	"1--12"
}

@article{Johnson1998-hb,
author = {D.A. Johnson and ED Rose and S. Rushton and B. Pentland and E.A. Attree},
title = {Virtual Reality: A New Prosthesis for Brain Injury Rehabilitation},
journal = {Scottish Medical Journal},
volume = {43},
number = {3},
pages = {81-83},
year = {1998}
}

@article{Schoellhorn1999-ip,
author = {Schöllhorn, Wolfgang},
title = {Individualität - ein vernachlässigter Parameter?},
journal = {Leistungssport},
volume = {29},
number = {2},
pages = {5-12},
year = {1999}
}

@article{Beck2008-dl,
author = {Beck, Frieder},
title = {Sportmotorik und Gehirn : Differenzielles Lernen aus der Perspektive interner Informationsverarbeitungsvorgänge},
journal = {German Journal of Exercise and Sport Research},
volume = {38},
number = {4},
pages = {423-450},
year = {2008}
}

@article{Ryan2000-gi,
author = "Richard M. Ryan and Edward L. Deci",
title = "Intrinsic and Extrinsic Motivations: Classic Definitions and New Directions",
journal = "Contemporary Educational Psychology",
volume = "25",
number = "1",
pages = "54-67",
year = "2000"
}

@article{Fuchs2015-bsa,
author = {Reinhard Fuchs and Sandra Klaperski and Markus Gerber and Harald Seelig},
title = {Messung der Bewegungs- und Sportaktivität mit dem BSA-Fragebogen},
journal = {Zeitschrift für Gesundheitspsychologie},
volume = {23},
number = {2},
pages = {60-76},
year = {2015}
}

@article{Coren1993-lp,
author="Coren, Stanley",
title="The lateral preference inventory for measurement of handedness, footedness, eyedness, and earedness: Norms for young adults",
journal="Bulletin of the Psychonomic Society",
volume="31",
number="1",
pages="1-3",
year="1993",
month="Jan",
day="01"
}

@inproceedings{Chang2012-hz,
author={Chien-Yen Chang and B. Lange and Mi Zhang and S. Koenig and P. Requejo and N. Somboon and A. A. Sawchuk and A. A. Rizzo}, 
title={Towards pervasive physical rehabilitation using Microsoft Kinect}, 
booktitle={6th International Conference on Pervasive Computing Technologies for Healthcare (PervasiveHealth) and Workshops}, 
year={2012},
pages={159-162}
}

@inproceedings{Garrido2013-zs,
 author = {Garrido, Juan Enrique and Marset, Irma and Penichet, V\'{\i}ctor M. R. and Lozano, Mar\'{\i}a D.},
 title = {Balance Disorder Rehabilitation Through Movement Interaction},
 booktitle = {7th International Conference on Pervasive Computing Technologies for Healthcare and Workshops},
 publisher = {ICST (Institute for Computer Sciences, Social-Informatics and Telecommunications Engineering)},
 series = {PervasiveHealth '13},
 year = {2013},
 pages = {319--322},
}

@inproceedings{Freitas2012-ae,
author = {Freitas, Daniel Q. and {Da Gama}, Alana E. F. and Figueiredo, Lucas and Chaves, Thiago M. and Marques-Oliveira, D{\'{e}}borah and Teichrieb, Veronica and Ara{\'{u}}jo, Cristiano},
title = {{Development and Evaluation of a Kinect Based Motor Rehabilitation Game}},
booktitle = {Proceedings of SBGames 2012},
year = {2012},
pages = {144--153}
}

@inproceedings{Bogdanovych2015-ci,
 author = {Bogdanovych, Anton and Stanton, Christopher},
 title = {A Novel Approach to Sports Oriented Video Games with Real-time Motion Streaming},
 booktitle = {Proceedings of the 7th ACM SIGCHI Symposium on Engineering Interactive Computing Systems},
 series = {EICS '15},
 year = {2015},
 pages = {64--73},
 publisher = {ACM}
} 

@inproceedings{Kajastila2014-ug,
 author = {Kajastila, Raine and H\"{a}m\"{a}l\"{a}inen, Perttu},
 title = {Augmented Climbing: Interacting with Projected Graphics on a Climbing Wall},
 booktitle = {Proceedings of the Extended Abstracts of the 32Nd Annual ACM Conference on Human Factors in Computing Systems},
 series = {CHI EA '14},
 year = {2014},
 pages = {1279--1284},
 publisher = {ACM},
}

@inproceedings{Holsti2013-kn,
 author = {Holsti, Leo and Takala, Tuukka and Martikainen, Aki and Kajastila, Raine and H\"{a}m\"{a}l\"{a}inen, Perttu},
 title = {Body-controlled Trampoline Training Games Based on Computer Vision},
 booktitle = {CHI '13 Extended Abstracts on Human Factors in Computing Systems},
 series = {CHI EA '13},
 year = {2013},
 pages = {1143--1148},
 publisher = {ACM},
}

@inproceedings{Hmlinen2004-ai,
 author = {H\"{a}m\"{a}l\"{a}inen, Perttu},
 title = {Interactive Video Mirrors for Sports Training},
 booktitle = {Proceedings of the 3rd Nordic Conference on Human-computer Interaction},
 series = {NordiCHI '04},
 year = {2004},
 pages = {199--202},
 publisher = {ACM},
}

@inproceedings{Schlomer2008-uo,
 author = {Schl\"{o}mer, Thomas and Poppinga, Benjamin and Henze, Niels and Boll, Susanne},
 title = {Gesture Recognition with a Wii Controller},
 booktitle = {Proceedings of the 2nd International Conference on Tangible and Embedded Interaction},
 series = {TEI '08},
 year = {2008},
 pages = {11--14},
 publisher = {ACM}
}

@inproceedings{Pompeu2015-vp,
 author = {Pompeu, Jos{\'e} Eduardo and Torriani-Pasin, Camila and Don\'{a}, Fl\'{a}via and Ganan\c{c}a, Fernando Freitas and da Silva, Keyte Guedes and Ferraz, Henrique Ballalai},
 title = {Effect of Kinect Games on Postural Control of Patients with Parkinson's Disease},
 booktitle = {Proceedings of the 3rd 2015 Workshop on ICTs for Improving Patients Rehabilitation Research Techniques},
 series = {REHAB '15},
 year = {2015},
 pages = {54--57},
 publisher = {ACM},
}

@inproceedings{Woolford2015-ub,
 author = {Woolford, Kirk},
 title = {Defining Accuracy in the Use of Kinect V2 for Exercise Monitoring},
 booktitle = {Proceedings of the 2nd International Workshop on Movement and Computing},
 series = {MOCO '15},
 year = {2015},
 pages = {112--119},
 publisher = {ACM},
}

@inproceedings{Pisan2013-sf,
 author = {Pisan, Yusuf and Marin, Jaime Garcia and Navarro, Karla Felix},
 title = {Improving Lives: Using Microsoft Kinect to Predict the Loss of Balance for Elderly Users Under Cognitive Load},
 booktitle = {Proceedings of the 9th Australasian Conference on Interactive Entertainment: Matters of Life and Death},
 series = {IE '13},
 year = {2013},
 pages = {29:1--29:4},
 publisher = {ACM}
}

@inproceedings{Tang2015-wt,
 author = {Tang, Richard and Yang, Xing-Dong and Bateman, Scott and Jorge, Joaquim and Tang, Anthony},
 title = {Physio@Home: Exploring Visual Guidance and Feedback Techniques for Physiotherapy Exercises},
 booktitle = {Proceedings of the 33rd Annual ACM Conference on Human Factors in Computing Systems},
 series = {CHI '15},
 year = {2015},
 pages = {4123--4132},
 publisher = {ACM}
}

@inproceedings{Kajastila2016-ot,
 author = {Kajastila, Raine and Holsti, Leo and H\"{a}m\"{a}l\"{a}inen, Perttu},
 title = {The Augmented Climbing Wall: High-Exertion Proximity Interaction on a Wall-Sized Interactive Surface},
 booktitle = {Proceedings of the 2016 CHI Conference on Human Factors in Computing Systems},
 series = {CHI '16},
 year = {2016},
 pages = {758--769},
 publisher = {ACM}
}


@inproceedings{Van_der_Spek2010-fe,
 author = {van der Spek, Erik D.},
 title = {COgnition-based DEsign Rules Enhancing Decisionmaking TRaining In A Game Environment (Code Red Triage): Doctoral Consortium Paper},
 booktitle = {Proceedings of the 28th Annual European Conference on Cognitive Ergonomics},
 series = {ECCE '10},
 year = {2010},
 pages = {319--322},
 publisher = {ACM}
}

@inproceedings{Nielsen_1994-he,
 author = {Nielsen, Jakob},
 title = {Enhancing the Explanatory Power of Usability Heuristics},
 booktitle = {Proceedings of the SIGCHI Conference on Human Factors in Computing Systems},
 series = {CHI '94},
 year = {1994},
 pages = {152--158},
 publisher = {ACM}
}